01AUTOGIRO              20080611            AVVISADE BET UPPDR  4711170009912346
82200806110   0000000000000101000000030000RIDLEKTION      04
822008061110060000000004444103000000050000FAKTNR156       10
822008061150060000000000000103000000007500RIDLEKTION      02
822008061190110000000002222101000000025000FAKTNR158       06
82200806110   0000000003331022000000025000RIDLEKTION      04
822008061120020000000007771014000000055051FAKTNR160       08
32200806110   0000000000000104000000007500RIDLEKTION ÅTERB01
32200806330   0000000000000105000000030000RIDLEKTION ÅTERB12
32200806110   0000000003333102000000025000FAKTNR161       10 
32200806030   0000000000000108000000007500FAKTNR162       13
32200806110   0000000005551004000000022500FAKTNR163       05
32200806110   0000000005555242000000080200RIDLEKTION ÅTERB01
09200806119900000006000000172700000006000000192551

